@STRING( EPJA  = "Eur.\ Phys.\ J.\ A")%The European Physical Journal A - Hadrons and Nuclei
@STRING( NIM = "Nucl.\ Instr.\ and Meth." )%Nuclear Instruments and Methods
@STRING( NIMA = "Nucl.\ Instr.\ and Meth.\ A" )%Nuclear Instruments and Methods in Physics Research Section A: Accelerators, Spectrometers, Detectors and Associated Equipment
@STRING( NIMB = "Nucl.\ Instr.\ and Meth.\ B" )%Nuclear Instruments and Methods in Physics Research Section B: Beam Interactions with Materials and Atoms
@String( NPA  = "Nucl.\ Phys.\ A")%
@STRING( PRC  = "Phys.\ Rev.\ C")%Physics Review C
@String( PRL  = "Phys.\ Rev.\ Lett.")%Physics Review Letters

@Article{Alcorta_2011,
	author = {M. Alcorta and K. E. Rehm and B. B. Back and S. Bedoor and P. F. Bertone and C. M. Deibel and B. J.
DiGiovine and H. Esbensen and J. P. Greene and C. R. Hoffmann and C.-L. Jiang and J. C. Lighthall and S.
T. Marley and R. C. Pardo and M. Paul and A. M. Rogers and C. Ugalde and A. H. Wuosmaa},
	title = {Fusion reactions with the one-neutron halo nucleus $^{15}${C}},
	year  ={2011},
	journal = PRL,
	volume = {106},
 number = {17},
  pages = {172701},
  numpages = {4},
  month = {Apr},
  doi = {10.1103/PhysRevLett.106.172701},
  publisher = {American Physical Society},
  url = {http://link.aps.org/doi/10.1103/PhysRevLett.106.172701}}

@Inproceedings{Alcorta_2011FUS,
	author = {M. Alcorta and K. E. Rehm and B. B. Back and S. Bedoor and P. F. Bertone and C. M. Deibel and B.
J. DiGiovine and H. Esbensen and J. P. Greene and C. R. Hoffmann and C.-L. Jiang and J. C. Lighthall and S.
T. Marley and R. C. Pardo and A. M. Rogers and C. Ugalde and A. H. Wuosma},
	title  ={Fusion reactions with the one-neutron halo nucleus $^{15}${C}},
	year = {2011},
	pages = {},
	booktitle = {5$^\mathrm{th}$ International Conference {FUSION11}},
	month = {May},
	address = {Saint-Malo, France}
}

@Inproceedings{Alcorta_2011ARI,
	author = {M. Alcorta and K. E. Rehm and B. B. Back and S. Bedoor and P. F. Bertone and C. M. Deibel and B.
J. DiGiovine and H. Esbensen and J. P. Greene and C. R. Hoffmann and C.-L. Jiang and J. C. Lighthall and S.
T. Marley and R. C. Pardo and A. M. Rogers and C. Ugalde and A. H. Wuosma},
	title  ={Fusion reactions with the halo nucleus $^{15}${C}},
	year = {2011},
	pages = {},
	booktitle = {Advances in Radioactive Isotope Science {ARIS}},
	month = {June},
	address = {Leuven, Belgium}
}

@Inproceedings{Back_2009,
	author = {B. B. Back and N. Antler and S. Baker and J. A. Clark and C. M. Deibel and B. J. DiGiovine and S. J. Freeman and N. J. Goodman and Z. Grelewicz and S. Heimsath and C. R. Hoffman and B. P. Kay and H. Y. Lee and J. C. Lighthall and C. J. Lister and S.T. Marley and P. Mueller and R. Pardo and K. E. Rehm and J. Rohrer and J. P. Schiffer and D. V. Shetty and J. Snyder and M. Syrion and A. W. Vann and J. R. Winkelbauer and A. Woodard and A. H. Wuosmaa},
	title = {THE {HELIOS} SPECTROMETER AND THE RADIOACTIVE BEAM PROGRAM AT {A}RGONNE},
	booktitle = {Nuclear Reactions on Nucleons and Nuclei},
	year = {2010},
	month = {June},
	talk_year  ={2009},
	talk_month = {October},
	talk_day = {5},
	talk_time = {10:50},
	address = {Messina, Italy},
	journal = {Int.\ J.\ Mod.\ Phys.\ E},
	doi = {10.1142/S021830131001528X},
	url = {http://dx.doi.org/10.1142/S021830131001528X},
	volume = {19},
	number = {5--6},
	pages = {825-836}
}

@Inproceedings{Back_2010DNP,
	author = {B. B. Back and B. J. DiGiovine and  S. Heimsath and  A. M. James and  C. R. Hoffman and  B. P. Kay and  A. M. Rogers and  J. P. Schiffer and  A. H. Wuosmaa and  J. C. Lighthall and  S. T. Marley},
	title  ={A high-efficiency {Si}-detector array for {HELIOS}},
	year = {2010},
	pages = {},
	booktitle = {Annual Meeting of the Division of Nuclear Physics},
	month = {November},
	address = {Santa Fe, NM},
	url = {http://meetings.aps.org/Meeting/DNP10/Event/129870}
}

@Inproceedings{Back_2010DAE,
	author = {B. B. Back and N. Antler and S. I. Baker and J. A. Clark and C. M. Deibel and B. J. DiGiovine and S. J. Freeman and N. J. Goodman and Z. Grelewicz and S. Heimsath and C. R. Hoffman and B. P. Kay and H. Y. Lee and J. C. Lighthall and C. J. Lister and S.T. Marley and P. Mueller and R. Pardo and K. E. Rehm and J. Rohrer and J. P. Schiffer and D. V. Shetty and J. Snyder and M. Syrion and A. W. Vann and J. R. Winkelbauer and A. Woodard and A. H. Wuosmaa},
	title  ={{HELIOS}: A new concept for studies of light-ion reactions with radioactive beams},
	year = {2010},
	pages = {I4},
	booktitle = {Proceedings of the DAE Symp.\ on Nucl.\ Phys. },
	volume = {55},
	month = {December},
	address = {Pilani, India},
	url = {http://sympnp.org/proceedings/55/I4.pdf},
}

@Inproceedings{Back_2011FUS,
	author = {B. B. Back and B. J. DiGiovine and  S. Heimsath and  A. M. James and  C. R. Hoffman and  B. P. Kay and  A. M. Rogers and  J. P. Schiffer and  A. H. Wuosmaa and  J. C. Lighthall and  S. T. Marley},
	title  ={Recent results from {HELIOS}},
	year = {2011},
	pages = {},
	booktitle = {5$^\mathrm{th}$ International Conference {FUSION11}},
	month = {May},
	address = {Saint-Malo, France}
}

@article{Bennett_1992,
	title = "Timing response of silicon position-sensitive detectors",
	journal = NIMA,
	volume = "311",
	number = "1-2",
	pages = "105--112",
	year = "1992",
	issn = "0168-9002",
	doi = "10.1016/0168-9002(92)90855-X",
	url = "http://dx.doi.org/10.1016/0168-9002(92)90855-X",
	author = "S. J. Bennett and J. B. A. England and M. Freer and B. R. Fulton and J. T. Murgatroyd"
}

@Book{Bevington_2003,
	author = {Philip R. Bevington and D. Keith Robinson},
	title = {Data Reduction and Error Analysis},
	year = {2003},
	publisher = {McGraw-Hill Higher Education},
	isbn = {0-07-247227-8},
	edition = {Third}
}

@Inproceedings{Blackmon_2008,
	author = {J. Blackmon},
  title  ={},
	year = {2008},
	pages = {},
	booktitle = {Seventh Summer School on Exotic Beam Physics},
	organization = {Argonne National Laboratory},
}

@PhDThesis{Blumenthal_PhD,
	author = {D. J. Blumenthal},
	title  ={A Study of Cooling Following Compound Nuclear Reactions},
	school = {Yale University},
	year = {1994},
	pages = {100--104},
	url = {http://proquest.umi.com/pqdweb?did=741038851&sid=2&Fmt=2&clientId=32427&RQT=309&VName=PQD&cfc=1}
}

@article{Bertulani_2010,
title = "Nuclear astrophysics with radioactive beams",
journal = "Physics Reports",
volume = "485",
number = "6",
pages = "195 - 259",
year = "2010",
issn = "0370-1573",
doi = "DOI: 10.1016/j.physrep.2009.09.002",
url = "http://www.sciencedirect.com/science/article/B6TVP-4XMKB4S-2/2/bdeaf89197ebf1923beacc2d1f46c53d",
author = "C.A. Bertulani and A. Gade",
keywords = "Nuclear astrophysics",
keywords = "Rare isotopes",
keywords = "Reactions"
}

@Article{Brun_1998,
	author = {Rene Brun and Fons Rademakers},
	title = {{ROOT}: An Object-Oriented Data Analysis Framework},
	year  ={1998},
	month = {July},
	journal = {Linux Journal},
	issue = {51},
	url = {http://www.linuxjournal.com/article/2895}
}

@Article{Burbidge_1957,
  title = {Synthesis of the Elements in Stars},
  author = {Burbidge, E. Margaret and Burbidge, G. R. and Fowler, William A. and Hoyle, F. },
  journal = {Rev.\ Mod.\ Phys.},
  volume = {29},
  number = {4},
  pages = {547--650},
  numpages = {103},
  year = {1957},
  month = {October},
  doi = {10.1103/RevModPhys.29.547},
  publisher = {American Physical Society},
  url = {http://rmp.aps.org/abstract/RMP/v29/i4/p547_1},
}

@Article{Butler_1950,
	author = {S. T. Butler},
	title = {On Angular Distributions from ($d$,$p$) and ($d$,$n$) Nuclear Reactions},
	year  ={1950},
	journal = {Physical Review},
	volume = {80},
	number = {6},
	page = {1095--1096}
}

@article{Catford_2005,
  author={W N Catford and C N Timis and R C Lemmon and M Labiche and N A Orr and L Caballero and R Chapman and M Freer and M Chartier and H
Savajols and M Rejmund and N Amzal and N I Ashwood and T D Baldwin and M Burns and N Curtis and G de France and W Gelletly and X Liang and S
D Pain and V P E Pucknell and B Rubio and O Sorlin and K Spohr and Ch Thiesen and D D Warner},
  title={Nucleon transfer via ($d$,$p$) using {TIARA} with a {$^{24}$Ne} radioactive beam},
  journal={J.\ Phys.\ G},
  volume={31},
  number={10},
  pages={S1655},
  url={http://stacks.iop.org/0954-3899/31/i=10/a=049},
  year={2005},
  }

@Article{Caurier_2005,
  title = {The shell model as a unified view of nuclear structure},
  author = {Caurier, E.  and Mart\'\i{}nez-Pinedo, G.  and Nowacki, F.  and Poves, A.  and Zuker, A. P.},
  journal = {Rev.\ Mod.\ Phys.},
  volume = {77},
  number = {2},
  pages = {427--488},
  numpages = {61},
  year = {2005},
  month = {June},
  doi = {10.1103/RevModPhys.77.427},
  publisher = {American Physical Society},
  url = {http://rmp.aps.org/abstract/RMP/v77/i2/p427_1},
}

@article{Corrigan_1972,
title = "Study of $^{16}${O}($d$,$d$)$^{16}${O} and $^{16}${O}($d$,$p$)$^{17}${O} using polarized deuterons",
journal = NPA,
volume = "188",
number = "1",
pages = "164 - 184",
year = "1972",
issn = "0375-9474",
doi = "DOI: 10.1016/0375-9474(72)90192-3",
url = "http://www.sciencedirect.com/science/article/pii/0375947472901923",
author = "K. W. Corrigan and R. M. Prior and S. E. Darden and B. A. Robson",
keywords = "Nuclear reactions"
}

@Inproceedings{Clark_2010,
	author = {J. A. Clark},
	title  ={Expansion of the radioactive ion beam program at {A}rgonne},
	year_talk = {2010},
	month_talk = {May},
	year = {2011},
	booktitle = {10th International Spring Seminar on Nuclear Physics: New Quests in Nuclear Structure},
	journal = {Jour.\ of Phys.: Conference Series},
	volume = {267},
	number = {1},
	pages = {012002},
	doi = {10.1088/1742-6596/267/1/012002},
	url = {http://iopscience.iop.org/1742-6596/267/1/012002},
	address = {Vietri sul Mare, Italy}
}

@Inproceedings{Deibel_2010,
	author = {C. M. Deibel and Bedoor, S. and Clark, J. and Figueira, J. and Greene, J. and Jiang, C.-L. and Kay B. P. and Lee H. Y. and Lighthall, J. C. and Marley, S. T. and Pardo, R. C. and Patel, N. and Paul, M. and Rehm, K. E. and Shetty, D. V. and Ugalde, C. and Wuosmaa, A. H. and Zinkann, G.},
	title  ={Studying the ($\alpha$,$p$)-process in X-ray Bursts using radioactive ion beams},
	year = {2010},
	pages = {56},
	booktitle = {Proceedings of Nuclei in the Cosmos XI},
	month = {July},
	address = {Heidelberg, Germany},
	url = {http://pos.sissa.it/archive/conferences/100/056/NIC XI_056.pdf}
}

@Article{Deibel_2011,
	author = {C. M. Deibel and K. E. Rehm and J. M. Figueira and J. P. Greene and C.-L. Jiang and B. P. Kay and H. Y. Lee and J. C. Lighthall and S. T. Marley and R. C. Pardo and N. Patel and M. Paul and C. Ugalde and A. Woodard and A. H. Wuosmaa and G. Zinkann},
	title = {First Measurement of the $^{30}${S}($\alpha$,$p$)$^{33}${Cl} Reaction},
	year  ={2011},
	volume = {83},
	number = {},
	pages = {},
	journal = PRC,
	note = {submitted}
}

@inproceedings{Demonchy_2007,
	title = "{MAYA}, a gaseous active target",
	journal = NIMA,
	volume = "573",
	number = "1-2",
	pages = "145--148",
	year = "2007",
	booktitle = "Proceedings of the 7th International Conference on Position-Sensitive Detectors (PSD-7)",
	issn = "0168-9002",
	doi = "10.1016/j.nima.2006.11.025",
	url = "http://dx.doi.org/10.1016/j.nima.2006.11.025",
	author = "C. E. Demonchy and W. Mittig and H. Savajols and P. Roussel-Chomaz and M. Chartier and B. Jurado and L. Giot and D. Cortina-Gil and M. Caama\~no and G. Ter-Arkopian and A. Fomichev and A. Rodin and M. S. Golovkov and S. Stepantsov and A. Gillibert and E. Pollacco and A. Obertelli and H. Wang",
keywords = "Ionization chamber",
keywords = "Active target",
keywords = "Tracking detector",
keywords = "Binary reaction",
keywords = "Exotic beam"
}

@Article{Dillmann_2003,
  title = {${N}=82$ Shell Quenching of the Classical $r$-Process ``Waiting-Point'' Nucleus $^{130}${Cd}},
  author = {Dillmann, I.  and Kratz, K.-L.  and W\"ohr, A.  and Arndt, O.  and Brown, B. A. and Hoff, P.  and Hjorth-Jensen, M.  and K\"oster, U.  and Ostrowski, A. N. and Pfeiffer, B.  and Seweryniak, D.  and Shergur, J.  and Walters, W. B. and the ISOLDE Collaboration},
  journal = PRL,
  volume = {91},
  number = {16},
  pages = {162503},
  numpages = {4},
  year = {2003},
  month = {October},
  doi = {10.1103/PhysRevLett.91.162503},
  publisher = {American Physical Society},
  url = {http://prl.aps.org/abstract/PRL/v91/i16/e162503},
}

@Article{Dobaczewski_1994,
  title = {Nuclear shell structure at particle drip lines},
  author = {Dobaczewski, J.  and Hamamoto, I.  and Nazarewicz, W.  and Sheikh, J. A.},
  journal = PRL,
  volume = {72},
  number = {7},
  pages = {981--984},
  numpages = {3},
  year = {1994},
  month = {February},
  doi = {10.1103/PhysRevLett.72.981},
  publisher = {American Physical Society},
  url = {http://prl.aps.org/abstract/PRL/v72/i7/p981_1},
}

@article{Doehring_1968,
title = "On the ballistic deficit and the signal-to-noise ratio of semiconductor spectrometers for energy and position spectroscopy",
journal = NIM,
volume = "59",
number = "1",
pages = "40 - 44",
year = "1968",
issn = "0029-554X",
doi = "DOI: 10.1016/0029-554X(68)90341-8",
url = "http://www.sciencedirect.com/science/article/B73DN-470NVMK-3NH/2/0dc0533a60afb914497f6809d63eb8d7",
author = "A. Doehring and S. Kalbitzer and W. Melzer"
}

@Book{Drosq_2007,
	author = {M. Drosg},
	title = {Dealing with Uncertainties},
	year  ={2007},
	publisher = {Springer},
	isbn = {978-3-540-29606-5},
}

@Article{Dworschak_2008,
  title = {Restoration of the ${N}=82$ Shell Gap from Direct Mass Measurements of $^{132,134}${Sn}},
  author = {Dworschak, M.  and Audi, G.  and Blaum, K.  and Delahaye, P.  and George, S.  and Hager, U.  and Herfurth, F.  and Herlert, A.  and Kellerbauer, A.  and Kluge, H.-J.  and Lunney, D.  and Schweikhard, L.  and Yazidjian, C. },
  journal = PRL,
  volume = {100},
  number = {7},
  pages = {072501},
  numpages = {4},
  year = {2008},
  month = {February},
  doi = {10.1103/PhysRevLett.100.072501},
  publisher = {American Physical Society},
  url = {http://prl.aps.org/abstract/PRL/v100/i7/e072501},
}

@Article{El_Bedewi_1972,
	author = {F. El-Bedewi and M. Shalaby},
	title = {Study of energy levels of $^{29}${S}i via deuteron stripping },
	year  ={1972},
	volume = {5},
	number = {11},
	month = {November},
	journal = {J.\ of Phys.\ A},
	url = {http://dx.doi.org/10.1088/0305-4470/5/11/010},
	page = {1624}
}

@Article{Goeppert-Mayer_1950,
  title = {Nuclear Configurations in the Spin-Orbit Coupling Model. {I}. {E}mpirical Evidence},
  author = {Goeppert-Mayer, Maria},
  journal = {Phys. Rev.},
  volume = {78},
  number = {1},
  pages = {16--21},
  numpages = {5},
  year = {1950},
  month = {Apr},
  doi = {10.1103/PhysRev.78.16},
  publisher = {American Physical Society}
}

@Book{Glendenning_2004,
	author = {Norma K. Glendenning},
	title = {Direct Nuclear Reactions},
	year = {2004},
	publisher = {World Scientific},
	isbn = {981-238-945-8},
}

@Book{Goldstein_2002,
	author = {H. Goldstein and C. Poole and J. Safko},
	title = {Classical Mechanics},
	year  ={2002},
	publisher = {Addison Wesley},
	isbn = {978-0-201-65702-9},
	edition = {Third},
}

@Inproceedings{Goodman_2007,
	author = {N. J. Goodman and J. J. Bos and J. C. Lighthall and S. T. Marley and J. Snyder and A. H. Wuosmaa and C. Tur and S. M. Austin and E. Estrada and G. Lorusso},
	title  ={New measurement of {$\Gamma_\pi/\Gamma$} for the $0^+_2$ (7.65\,{MeV}) state in $^{12}${C}},
	year = {2007},
	pages = {},
	booktitle = {Annual Meeting of the Division of Nuclear Physics},
	month = {October},
	address = {Newport News, VA},
	url = {http://meetings.aps.org/Meeting/DNP07/Event/69325}
}

@Mastersthesis{Goodman_2009,
	author = {N. J. Goodman},
	title  ={Improving the Uncertainty of the Pair Branching Ratio for the First Excited Spin 0 State of Carbon-12},
	year = {2009},	
	month = {August},
	school = {Western Michigan University}
}

@Article{Grawe_2005,
	author = {H. Grawe and A. Blazhev and M. G\'orska and I. Mukha and C. Plettner and E. Roeckl and F. Nowacki and R. Grzywacz and M. Sawicka},
	title = {Shell structure from {$^{100}$Sn} to {$^{78}$Ni}: Implications for nuclear astrophysics},
	year  ={2005},
	month = {September},
	journal = EPJA,
	volume = {25},
	number = {Supplement 1},
	pages = {357--362},
	url = {http://www.springerlink.com/content/lg6v57353rw2v213},
}

@article{Harss_2000,
	author = {B. Harss and R. C. Pardo and K. E. Rehm and F. Borasi and J. P. Greene and R. V. F. Janssens and C.-L. Jiang and J. Nolen and M. Paul and J. P. Schiffer and R. E. Segel and J. Specht and T. F. Wang and P. Wilt and B. Zabransky},
	collaboration = {},
	title = {Production of radioactive ion beams using the in-flight technique},
	publisher = {AIP},
	year = {2000},
	journal = {Rev.\ of Sci.\ Instrum.},
	volume = {71},
	number = {2},
	pages = {380--387},
	keywords = {RADIOACTIVE ION BEAMS; BEAM PRODUCTION; EFFICIENCY; PROTON REACTIONS; DEUTERON REACTIONS; NEUTRON DOSIMETRY; BEAM CURRENTS; OXYGEN 17; FLUORINE 17; OXYGEN 16 BEAMS; OXYGEN 17 TARGET; OXYGEN 14; ION SOURCES; CHARGED-PARTICLE TRANSPORT},
	url = {http://link.aip.org/link/?RSI/71/380/1},
	doi = {10.1063/1.1150211}
}

@Article{Haxel_1949,
  title = {On the ``Magic Numbers'' in Nuclear Structure},
  author = {Haxel, Otto  and Jensen, J. Hans D. and Suess, Hans E.},
  journal = {Phys. Rev.},
  volume = {75},
  number = {11},
  pages = {1766},
  numpages = {1},
  year = {1949},
  month = {Jun},
  doi = {10.1103/PhysRev.75.1766.2},
  publisher = {American Physical Society},
  url = {http://link.aps.org/doi/10.1103/PhysRev.75.1766.2}
}


@Article{Hoff_1996,
  title = {Single-Neutron States in $^{133}${Sn}},
  author = {Hoff, P.  and Baumann, P.  and Huck, A.  and Knipper, A.  and Walter, G.  and Marguier, G.  and Fogelberg, B.  and Lindroth, A.  and Mach, H.  and Sanchez-Vega, M.  and Taylor, R. B. E. and Van Duppen, P.  and Jokinen, A.  and Lindroos, M.  and Ramdhane, M.  and Kurcewicz, W.  and Jonson, B.  and Nyman, G.  and Jading, Y.  and Kratz, K.-L.  and W\"ohr, A.  and L\o{}vh\o{}iden, G.  and Thorsteinsen, T. F. and Blomqvist, J. },
  journal = PRL,
  volume = {77},
  number = {6},
  pages = {1020--1023},
  numpages = {3},
  year = {1996},
  month = {August},
  doi = {10.1103/PhysRevLett.77.1020},
  publisher = {American Physical Society},
  url = {http://prl.aps.org/abstract/PRL/v77/i6/p1020_1},
}

@Book{Iliadis_2007,
	author = {Christian Iliadis},
	title = {Nuclear Physics of Stars},
	year = {2007},
	isbn = {978-3-527-40602-9},
	publisher = {Wiley-VCH}
}

@Article{Jiang_2009,
  title = {Experimental study of the $^{56}${Ni}($^{3}${He},$d$)$^{57}${Cu} reaction in inverse kinematics},
  author = {Jiang, C.-L. and Rehm, K. E. and Ackermann, D.  and Ahmad, I.  and Greene, J. P. and Harss, B.  and Henderson, D.  and Henning, W. F. and Janssens, R. V. F. and Nolen, J.  and Pardo, R. C. and Reiter, P.  and Schiffer, J. P. and Seweryniak, D.  and Sonzogni, A.  and Uusitalo, J.  and Wiedenh\"over, I.  and Wuosmaa, A. H. and Brumwell, F.  and McMichael, G.  and Paul, M.  and Segel, R. E.},
  journal = PRC,
  volume = {80},
  number = {4},
  pages = {044613},
  numpages = {6},
  year = {2009},
  month = {Oct},
  doi = {10.1103/PhysRevC.80.044613},
  publisher = {American Physical Society},
  url = {http://prc.aps.org/abstract/PRC/v80/i4/e044613}
}

@Article{Jones_2004,
  title = {Study of the  $^{124}${Sn} ($d$,$p$) reaction in inverse kinematics close to the Coulomb barrier},
  author = {Jones, K. L. and Kozub, R. L. and Baktash, C.  and Bardayan, D. W. and Blackmon, J. C. and Catford, W. N. and Cizewski, J. A. and Fitzgerald, R. P. and Johnson, M. S. and Livesay, R. J. and Ma, Z.  and Nesaraja, C. D. and Shapira, D.  and Smith, M. S. and Thomas, J. S. and Visser, D. W.},
  journal = PRC,
  volume = {70},
  number = {6},
  pages = {067602},
  numpages = {4},
  year = {2004},
  month = {December},
  doi = {10.1103/PhysRevC.70.067602},
  publisher = {American Physical Society},
  url = {http://prc.aps.org/abstract/PRC/v70/i6/e067602},
}

@Article{Jones_2007,
	author = {K. L. Jones and A. S. Adekola and D. W. Bardayan and J. C. Blackmon and K. Y. Chae and K. Chipps and J. A. Cizewski and D. J. Dean and L. Erikson and R. P. Fitzgerald and A. L. Gaddis and U. Greife and C. Harlin and R. Hatarik and J. A. Howard and M. S. Johnson and R. L. Kozub and J. F. Liang and R. J. Livesay and Z. Ma and B. H. Moazen and P. D. O'Malley and C. D. Nesaraja and S. D. Pain and N. P. Patterson and S. V. Paulauskas and D. Shapira and Shriner, Jr., J. F.  and D. J. Sissom and M. S. Smith and T. P. Swan and J. S. Thomas},
	title = {SINGLE NEUTRON TRANSFER EXPERIMENTS CLOSE TO THE $r$-PROCESS PATH},
	year  ={2007},
	journal = {Acta Physica Polonica B},
	volume = {38},
	number = {4},
	month = {April},
	pages = {1205--1212},
	url = {http://th-www.if.uj.edu.pl/acta/vol38/pdf/v38p1205.pdf},
}

@Article{Jones_2010,
	author = {Jones, K. L. and Adekola, A. S. and Bardayan, D. W. and Blackmon, J. C. and Chae, K. Y. and Chipps, K. A. and Cizewski, J. A. and Erikson, L. and Harlin, C. and Hatarik, R. and Kapler, R. and Kozub, R. L. and Liang, J. F. and Livesay, R. and Ma, Z. and Moazen, B. H. and Nesaraja, C. D. and Nunes, F. M. and Pain, S. D. and Patterson, N. P. and Shapira, D. and Shriner, Jr., J. F. and Smith, M. S. and Swan, T. P. and Thomas, J. S.},
	more_author = {},
	title = {The magic nature of $^{132}${Sn} explored through the single-particle states of $^{133}${Sn}},
	year  ={2010},
	month = {May},
	volume = {465},
	pages = {454--457},
	journal = {Nature},
	doi = {10.1038/nature09048},
	url = {http://dx.doi.org/10.1038/nature09048},
	publisher = {Macmillan Publishers Limited}
}

@Article{Jungclaus_2007,
  title = {Observation of Isomeric Decays in the $r$-Process Waiting-Point Nucleus $^{130}${Cd}$_{82}$},
  author = {Jungclaus, A.  and C\'aceres, L.  and G\'orska, M.  and Pf\"utzner, M.  and Pietri, S.  and Werner-Malento, E.  and Grawe, H.  and Langanke, K.  and Mart\'\i{}nez-Pinedo, G.  and Nowacki, F.  and Poves, A.  and Cuenca-Garc\'\i{}a, J. J. and Rudolph, D.  and Podolyak, Z.  and Regan, P. H. and Detistov, P.  and Lalkovski, S.  and Modamio, V.  and Walker, J.  and Bednarczyk, P.  and Doornenbal, P.  and Geissel, H.  and Gerl, J.  and Grebosz, J.  and Kojouharov, I.  and Kurz, N.  and Prokopowicz, W. and H. Schaffner and H. J. Wollersheim and K. Andgren and J. Benlliure and G. Benzoni and A. M. Bruce and E. Casarejos and B. Cederwall and F. C. L. Crespi and B. Hadinia and M. Hellstr\"om and R. Hoichen and G. Ilie and J. Jolie and A. Khaplanov and M. Kmiecik and R. Kumar and A. Maj and S. Mandal and F. Montes and S. Myalski and G. S. Simpson and S. J. Steer and S. Tashenov and O. Wieland},
  journal = PRL,
  volume = {99},
  number = {13},
  pages = {132501},
  numpages = {5},
  year = {2007},
  month = {September},
  doi = {10.1103/PhysRevLett.99.132501},
  publisher = {American Physical Society},
  url = {http://prl.aps.org/abstract/PRL/v99/i13/e132501},
}

@PhDThesis{Kay_2007,
	author = {Benjamin Peter Kay},
	title  ={High-$j$ single-particle strength
outside the ${Z}=50$ and ${N}=82$ cores},
	year = {2007},
	school = {The University of Manchester},
	url = {http://catalogue.library.manchester.ac.uk/items/2871954}
}


@Inproceedings{Kay_2010HID,
	author = {B. P. Kay},
	title  ={{HELIOS} --- Progress and Possibilities},
	year = {2010},
	month = {March},
	address = {Argonne, IL},
	booktitle = {Heavy Ion Discussion Group}
}

@Misc{Kay_2010PC,
	author = {B. P. Kay},
	year = {2010},
	month = {May},
	howpublished = {private communication}
}

@Inproceedings{Kay_2010APS,
	author = {B. P. Kay and B. B. Back and B. J. DiGiovine and  C. R. Hoffman and  K. E. Rehm and J. P. Schiffer and J. C. Lighthall and  S. T. Marley and C. M. Deibel},
	title  ={Measuring absolute cross sections with {HELIOS}},
	year = {2010},
	pages = {152},
	-booktitle = {APS April Meeting},
	booktitle = {Bulletin of the American Physical Society},
	volume = {55},
	month = {April},
	address = {Washington, DC},
	url = {http://meetings.aps.org/Meeting/APR10/Event/115904}
}

@Inproceedings{Kay_2010IOP,
	author = {B. P. Kay and J. P. Schiffer and S. J. Freeman and B. B. Back and S. Bedoor and S. I. Baker  and  T. Bloxham and J. A. Clark and  C. M. Deibel and  C. R. Hoffman and    A. M. Howard and  J. C. Lighthall and  S. T. Marley and  K. E. Rehm  and  D. K. Sharp and  D. V. Shetty and  J. S. Thomas   and  A. H. Wuosmaa},
	title  ={Study of valence neutrons in $^{130,136}${Xe} with {HELIOS}},
	year = {2010},
	pages = {},
	booktitle = {International Nuclear Physics Conference 2010 (INPC2010)},
	month = {July},
	address = {Vancouver, BC},
	url = {http://inpc2010.triumf.ca/programme_abstracts.pdf},
}

@Inproceedings{Kay_2010,
	author = {B. P. Kay and J. P. Schiffer and B. B. Back and S. I. Baker and J. A. Clark and  C. M. Deibel and  C. R. Hoffman and  K. E. Rehm and  S. J. Freeman and  A. M. Howard and  D. K. Sharp and  J. S. Thomas and  S. Bedoor and  J. C. Lighthall and  S. T. Marley and  D. V. Shetty and  A. H. Wuosmaa and  T. Bloxham},
	title  ={Study of the ($d$,$p$) reaction on $^{130,136}${Xe} in inverse kinematics},
	year = {2010},
	pages = {},
	booktitle = {Annual Meeting of the Division of Nuclear Physics},
	month = {November},
	address = {Santa Fe, NM},
	url = {http://meetings.aps.org/Meeting/DNP10/Event/129584},
}

@Inproceedings{Kay_2010MAG,
	author = {B. P. Kay and J. P. Schiffer and B. B. Back and S. I. Baker and J. A. Clark and  C. M. Deibel and  C. R. Hoffman and  K. E. Rehm and  S. J. Freeman and  A. M. Howard and  D. K. Sharp and  J. S. Thomas and  S. Bedoor and  J. C. Lighthall and  S. T. Marley and  D. V. Shetty and  A. H. Wuosmaa and  T. Bloxham},
	title  ={{HELIOS}: a new approach to study transfer reactions in inverse kinematics},
	year = {2010},
	month = {December},
	talk_day = {16},
	talk_time = {12:05},
	pages = {},
	booktitle = {MAGNET 2010 Nuclear Physics with Modern Magnetic Spectrometers},
	address = {Catania, Italy},
	url = {http://agenda.infn.it/conferenceDisplay.py?confId=2935}
}

@Article{Kay_2011,
	doi = {10.1103/PhysRevC.84.024325},
  month = {Aug},
  issue = {2},
	author = {B. P. Kay and J. P. Schiffer and S. J. Freeman and C. R. Hoffman and B. B. Back and S. I. Baker and S. Bedoor and T. Bloxham and J. A. Clark and C. M. Deibel and A. M. Howard and J. C. Lighthall and S. T. Marley and K. E. Rehm and D. K. Sharp and D. V. Shetty and J. S. Thomas and A. H. Wuosmaa},
	year  ={2011},
	url = {http://link.aps.org/doi/10.1103/PhysRevC.84.024325},
  publisher = {American Physical Society},
	title = {Single-neutron energies outside $^{136}${Xe}},
	pages = {024325},
	journal = PRC,
	volume = {84},
	numpages = {6}
}

@Inproceedings{Kay_2011IOP,
	author = {B. P. Kay and B. B. Back and T. Bloxham and J. A. Clark and C. M. Deibel and S. J. Freedman and S. J. Feeman and C. R. Hoffman and A. M. Howard and J. C. Lighthall and S. T. Marley and K. E. Rehm and J. P. Schiffer and D. K. Sharp and D. V. Shetty and J. R. Winkelbauer and And A. H. Wuosmaa},
	title  ={Recent progress with the {HELIOS} spectrometer},
	year = {2011},
	pages = {},
	booktitle = {Nuclear and Particle Physics Divisional Conference},
	month = {April},
	address = {Glasgow, Scotland}
}

@article{Kalbitzer_1967,
title = "On the charge dividing mechanism in position sensitive detectors",
journal = NIM,
volume = "56",
number = "2",
pages = "301 - 304",
year = "1967",
issn = "0029-554X",
doi = "DOI: 10.1016/0029-554X(67)90204-2",
url = "http://www.sciencedirect.com/science/article/B73DN-470NHYN-DX/2/144f4c6a65650934660ae1bfc969f221",
author = "S. Kalbitzer and W. Melzer"
}

@article{Kanungo_2010,
	title = "Structure of states in $^{12}${Be} via the $^{11}${Be}($d$,$p$) reaction",
	journal = "Physics Letters B",
	volume = "682",
	number = "4-5",
	pages = "391--395",
	year = "2010",
	issn = "0370-2693",
	doi = "10.1016/j.physletb.2009.11.025",
	url = "http://dx.doi.org/10.1016/j.physletb.2009.11.025",
	author = "R. Kanungo and A. T. Gallant and M. Uchida and C. Andreoiu and R. A. E. Austin and D. Bandyopadhyay and G. C. Ball and J. A. Becker and A. J. Boston and H. C. Boston and B. A. Brown and L. Buchmann and S. J. Colosimo and R. M. Clark and D. Cline and D. S. Cross and H. Dare and B. Davids and T. E. Drake and M. Djongolov and P. Finlay and N. Galinski and P. E. Garrett and A. B. Garnsworthy and K. L. Green and S. Grist and G. Hackman and L. J. Harkness and A. B. Hayes and D. Howell and A. M. Hurst and H. B. Jeppesen and K. G. Leach and A. O. Macchiavelli and D. Oxley and C. J. Pearson and B. Pietras and A. A. Phillips and S. V. Rigby and C. Ruiz and G. Ruprecht and F. Sarazin and M. A. Schumaker and A. C. Shotter and C. S. Sumitharachchi and C. E. Svensson and I. Tanihata and S. Triambak and C. Unsworth and S. J. Williams and P. Walden and J. Wong and C. Y. Wu",
	keywords = "Transfer reactions",
	keywords = "Inverse kinematics",
	keywords = "Radioactive beams",
	keywords = "Shell structure"
}

@Article{Kautzsch_2000,
	author = {T. Kautzsch and W. B. Walters and M. Hannawald and K.-L. Kratz and V. I. Mishin and V. N. Fedoseyev and W. B\"{o}hmer and Y. Jading and P. Van Duppen and B. Pfeiffer and A. W\"{o}hr and P. Moeller and I. Kl\"{o}ckl and V. Sebastian and U. K\"{o}ster and M. Koizumi and J. Lettry and H. L. Ravn and the ISOLDE Collaboration},
	title = {New states in heavy {Cd} isotopes and evidence for weakening of the ${N} = 82$ shell structure},
	year  ={2000},
	journal = EPJA,
	volume = {9},
	number = {2},
	pages = {201--206},
	doi = {10.1007/s100500070038},
	issn = {1434-6001},
	url = {http://www.springerlink.com/content/ypgc0datgprwq881},
}

@Book{Knoll_1979,
	author = {Glenn F. Knoll},
	title = {Radiation Detection and Measurement},
	year = {1979},
	publisher = {John Wiley \& Sons, Inc.},
	edition= {First},
	isbn = {0-471-49545-X}
}

@Inproceedings{Kozub_2008,
	author = {R. Kozub and A. S. Adekola and D. Bardayan and J. Blackmon and K. Y. Chae and K. Chipps and J. A. Cizewski and L. Erikson and R. A. Hatarik and K. L. Jones and W. Krolas and J. F. Liang and Z. Ma and C. Matei and B. Moazen and C. D. Nesaraja and S. Pain and D. Shapira and J. F. Shriner and M. S. Smith and T. P. Swan},
	title  ={Neutron single particle structure in $^{131}${Sn} and the $r$-process},
	year = {2008},
	month = {July},
	pages = {135},
	booktitle = {Proceedings of Nuclei in the Cosmos X},
	address = {Mackinac Island, MI},
	url = {http://pos.sissa.it/archive/conferences/053/135/NIC X_135.pdf},
}

@Book{Krane_1988,
	author = {K.S. Krane},
	title = {Introductory Nuclear Physics},
	year = {1988},
	publisher = {John Wiley \& Sons, Inc.},
	isbn = {0-471-80553-X}
}

@ARTICLE{Kratz_1993,
   author = {{Kratz}, K.-L. and {Bitouzet}, J.-P. and {Thielemann}, F.-K. and 
	{Moeller}, P. and {Pfeiffer}, B.},
    title = "{Isotopic $r$-process abundances and nuclear structure far from stability: Implications for the $r$-process mechanism}",
  journal = {The Astophysical Journal},
 keywords = {ABUNDANCE, CAPTURE EFFECT, ISOTOPES, NUCLEAR ASTROPHYSICS, SUPERNOVAE, ACTINIUM, ASTRONOMICAL MODELS, HALF LIFE, RADIOACTIVE DECAY},
     year = 1993,
    month = {January},
   volume = 403,
    pages = {216--238},
      doi = {10.1086/172196},
   adsurl = {http://adsabs.harvard.edu/abs/1993ApJ...403..216K},
  adsnote = {Provided by the SAO/NASA Astrophysics Data System},
  url = {http://adsabs.harvard.edu/abs/1993ApJ...403..216K},
}

@article{Kemmer_1984,
title = "Improvement of detector fabrication by the planar process",
journal = NIMA,
volume = "226",
number = "1",
pages = "89 - 93",
year = "1984",
issn = "0168-9002",
doi = "DOI: 10.1016/0168-9002(84)90173-6",
url = "http://www.sciencedirect.com/science/article/B6TJM-473FN1R-1MC/2/1db6818ae11de9554dde7b70d3a11cf8",
author = "J. Kemmer"
}

@article{Kuehner_1960,
	title = "Reaction mechanism studies on $^{28}${Si}($d$,$p$)$^{29}${Si} {(II)} Interference Effects",
	journal = "Nuclear Physics",
	volume = "21",
	number = "",
	pages = "555--581",
	year = "1960",
	issn = "0029-5582",
	doi = "DOI: 10.1016/0029-5582(60)90078-X",
	url = "http://www.sciencedirect.com/science/article/B73DR-46YSTS1-T4/2/7048c61cd384171276999c5751c76ba8",
	author = "J. A. Kuehner and E. Almqvist and D. A. Bromley"
}

@Inproceedings{Lee_2007,
	author = {H. Y. Lee and M. Notani and K. E. Rehm and J. P. Greene and D. Henderson and R. V. F. Janssens and C.-L. Jiang and R. C. Pardo and J. P. Schiffer and N. J. Goodman and J. C. Lighthall and S. T. Marley and  A. H. Wuosmaa and L.J. Jisonna and R. E. Segel and N. Patel and M. Paul and X. D. Tang},
	title  ={$rp$-process and $r$-process Studies with Radioactive Beams at {ATLAS}},
	year = {2007},
	pages = {},
	booktitle = {Annual Meeting of the Division of Nuclear Physics},
	month = {October},
	address = {Newport News, VA},
	url = {http://meetings.aps.org/Meeting/DNP07/Event/69602}
}

@Inproceedings{Lee_2008,
	author = {H. Y. Lee and N. J. Goodman and C.-L. Jiang and J. C. Lighthall and S. T. Marley and M. Notani and R. C. Pardo and N. Patel and K. E. Rehm and J. P. Schiffer and X. Tang and A. H. Wuosmaa},
	title  = {{$^{12}$B($n$,$\gamma$)} - the influence on $r$-process nucleosynthesis of light elements},
	year = {2008},
	month = {July},
	pages = {136},
	booktitle = {Proceedings of Nuclei in the Cosmos X},
	address = {Mackinac Island, MI},
	url = {http://pos.sissa.it/archive/conferences/053/136/NIC X_136.pdf},
}

@Inproceedings{Lee_2008AIP,
	author = {H. Y. Lee and N. J. Goodman and C.-L. Jiang and J. C. Lighthall and S. T. Marley and M. Notani and R. C. Pardo and N. Patel and K. E. Rehm and J. P. Schiffer and X. Tang and A. H. Wuosmaa},
	title  ={{$^{12}$B($n$,$\gamma$)} - the influence on $r$-process nucleosynthesis of light elements},
	year_talk = {2008},
	month_talk = {September},
	year = {2009},
	month = {March},
	pages = {169-174},
	booktitle = {{FUSION08}: New Aspects of Heavy Ion Collisions Near the Coulomb Barrier},
	address = {Argonne, IL},
	url = {http://dx.doi.org/10.1063/1.3108779},
	doi = {doi:10.1063/1.3108779},
	volume = {1098},
	journal = {AIP Conf.\ Proc.},
}

@Inproceedings{Lee_2008DNP,
	author = {H. Y. Lee and C.-L. Jiang and R. C. Pardo and K. E. Rehm and  J. P. Schiffer and N. J. Goodman and J. C. Lighthall and S. T. Marley and  A. H. Wuosmaa and M. Notani and X. D. Tang and N. Patel },
	title  ={$^{12}${B}(n,$\gamma$) - The Influence on r-process Nucleosynthesis of Light Elements},
	year = {2008},
	pages = {},
 -booktitle = {Annual Meeting of the Division of Nuclear Physics},
  booktitle = {Bulletin of the American Physical Society},
  volume = {53},
  -number = {12}, 
	month = {Ocotber},
	address = {Oakland, CA},
	url = {http://meetings.aps.org/Meeting/DNP08/Event/87437}
}

@Article{Lee_2010,
  title = {Experimental study of the {$^{11,12}$B($n$,$\gamma{}$)} reactions and their influence on $r$-process nucleosynthesis of light elements},
  author = {Lee, H. Y. and Greene, J. P. and Jiang, C.-L. and Pardo, R. C. and Rehm, K. E. and Schiffer, J. P. and Wuosmaa, A. H. and Goodman, N. J. and Lighthall, J. C. and Marley, S. T. and Otsuki, K.  and Patel, N.  and Beard, M.  and Notani, M.  and Tang, X. D.},
  journal = PRC,
  volume = {81},
  number = {1},
  pages = {015802},
  numpages = {8},
  year = {2010},
  month = {January},
  doi = {10.1103/PhysRevC.81.015802},
  publisher = {American Physical Society},
  url= {http://dx.doi.org/10.1103/PhysRevC.81.015802},
}

@Inproceedings{Lee_2010DNP,
	author = {H. Y. Lee and J. P. Schiffer and B. B. Back and S. I. Baker and  B. J. DiGiovine and C. R. Hoffman and  B. P. Kay and  K. E. Rehm and A. H. Wuosmaa and  J. C. Lighthall and  S. T. Marley and D. V. Shetty and C. M. Deibel},
	title  ={Determining the ratios of partial widths in $^{18}${O} using the ($d$,$p$) reaction},
	year = {2010},
	pages = {},
	booktitle = {Annual Meeting of the Division of Nuclear Physics},
	month = {November},
	address = {Santa Fe, NM},
	-url = {http://absimage.aps.org/image/MWS_DNP10-2010-000217.pdf}
}

@Inproceedings{Lighthall_2007AC,
	author = {J. C. Lighthall},
	title  ={{HELIOS} and other projects at {WMU}},
	year = {2007},
	pages = {},
	booktitle = {Physics Colloquim},
	month = {February},
	address = {Albion, MI}
}

@Inproceedings{Lighthall_2007,
	author = {J. C. Lighthall and S. T. Marley and A. H. Wuosmaa and B. B. Back and H. Y. Lee and C. J. Lister and P. Mueller and K. E. Rehm and J. P. Schiffer and S. J. Freeman},
	title  ={Current Status of {HELIOS}},
	year = {2007},
	pages = {},
	booktitle = {Annual Meeting of the Division of Nuclear Physics},
	month = {October},
	address = {Newport News, VA},
	url = {http://meetings.aps.org/Meeting/DNP07/Event/69643}
}

@Inproceedings{Lighthall_2008SLM,
	author = {J. C. Lighthall and A. W. Vann},
	title  ={Status of {HELIOS}},
	year = {2008},
	pages = {},
	booktitle = {Student Lunch Meeting},
	month = {January},
	address = {Argonne, IL}
}

@Inproceedings{Lighthall_2008,
	author = {J. C. Lighthall and S. T. Marley and J. R. Winkelbauer and A. H. Wuosmaa and B. B. Back and S. I. Baker and B. P. Kay and H. Y. Lee and C. J. Lister and P. Mueller and K. E. Rehm and J. P. Schiffer and S. J. Freeman},
	title  ={Commissioning of the {HELIOS} Spectrometer at {ATLAS}},
	year = {2008},
	pages = {},
 -booktitle = {Annual Meeting of the Division of Nuclear Physics},
  booktitle = {Bulletin of the American Physical Society},
  volume = {53},
  -number = {12}, 
	month = {Ocotber},
	address = {Oakland, CA},
	url = {http://meetings.aps.org/Meeting/DNP08/Event/87437}
}

@Inproceedings{Lighthall_2008SLM2,
	author = {J. C. Lighthall},
	title  ={Commissioning of the {HELIOS} Spectrometer},
	year = {2008},
	pages = {},
	booktitle = {Student Lunch Meeting},
	month = {November},
	address = {Argonne, IL}
}

@Inproceedings{Lighthall_2010SLM,
	author = {J. C. Lighthall},
	title  ={A Tale of Two Cities:  Studying the Triple Alpha Process in {A}rgonne and {K}alamazoo},
	year = {2010},
	pages = {},
	booktitle = {Student Lunch Meeting},
	month = {May},
	address = {Argonne, IL}
}

@Article{Lighthall_2010,
	author = {J. C. Lighthall and Back, B. B. and Baker, S. I. and Freeman, S. J. and Kay, B. P. and Lee, H. Y. and Marley, S. T. and Rehm, K. E. and J.E. Rohrer and Schiffer, J. P. and Shetty, D. V. and Vann, A. W. and Winkelbauer, J. R. and Wuosmaa, A. H.},
	title = {Commissioning of the {HELIOS} Spectrometer},
	year  ={2010},
	journal = NIMA,
	volume = "622",
	number = "1",
	pages = "97--106",
	month = {October},
	issn = "0168-9002",
	doi = "10.1016/j.nima.2010.06.220",
	url = {http://dx.doi.org/10.1016/j.nima.2010.06.220}
}

@Manual{Macfarlane_1978,
	author = {M. H. Macfarlane and Steven C. Pieper},
	title  ={PTOLEMY A Program for Heavy-ion Direct-reaction Calculation},
	number = {ANL-76-11 Rev. 1},
	year = {1978},
	address = {Argonne National Laboratory},
	note = {unpublished},
}

@inproceedings{Marley_2008IJMP,
	author = {P. L. Marley and D. G. Jenkins and N. S. Pattabiraman and A. P. Robinson and R. Wadsworth and S. Courtin and F. Haas and D. Lebhertz and C. J. Lister and M. Carpenter and S. Zhu and D. Seweryniak and A. H. Wuosmaa and J. C. Lighthall and D. O'Donnell},
	title = {Heavy ion radiative capture of $^{12}${C} + $^{12}${C}},
	year  ={2008},
	month = {November},
	talk_month = {May},
	talk_day = {13},
	talk_time = {12:10},
	journal = {Int.\ J.\ Mod.\ Phys.\ E},
	volume = {17},
	number = {10},
	pages={2040--2043},
	doi = {10.1142/S0218301308011057},
	url = {http://dx.doi.org/10.1142/S0218301308011057},
	booktitle = {State of the Art in Nuclear Cluster Physics {(SOTANCP2008)}},
	address = {Strasbourg, France}
}

@Inproceedings{Marley_2007,
	author = {S. T. Marley and N. J. Goodman and J. C. Lighthall and A. H. Wuosmaa and C.-L. Jiang and M. Notani and R. C. Pardo and K. E. Rehm and J. P. Schiffer and X. D. Tang and and L. Jisonaa},
	title  ={Study of the $^3${He}($^{14}${O},$\alpha$)$^{13}${O} reaction},
	year = {2007},
	pages = {},
	booktitle = {Annual Meeting of the Division of Nuclear Physics},
	month = {October},
	day_talk = {11},
	time_talk = {14:36},
	address = {Newport News, VA},
	url = {http://meetings.aps.org/Meeting/DNP07/Event/69349}
}

@Inproceedings{Marley_2008,
	author = {S. T. Marley and J. C. Lighthall and J. R. Winkelbauer and A. H. Wuosmaa and B. B. Back and S. I. Baker and B. P. Kay and H. Y. Lee and C. J. Lister and P. Mueller and K. E. Rehm and J. P. Schiffer and S. J. Freeman},
	title  ={The {HELIOS} silicon detector array},
	year = {2008},
 -booktitle = {Annual Meeting of the Division of Nuclear Physics},
  booktitle = {Bulletin of the American Physical Society},
	pages = {87},
  volume = {53},
  -number = {12}, 
	month = {Ocotber},
	address = {Oakland, CA},
	url = {http://meetings.aps.org/Meeting/DNP08/Event/87851},
}

@Article{Martinez-Pinedo_1999,
  title = {Shell-Model Half-Lives for ${N}=82$ Nuclei and Their Implications for the $r$-Process},
  author = {Mart\'\i{}nez-Pinedo, G.  and Langanke, K. },
  journal = PRL,
  volume = {83},
  number = {22},
  pages = {4502--4505},
  numpages = {3},
  year = {1999},
  month = {November},
  doi = {10.1103/PhysRevLett.83.4502},
  publisher = {American Physical Society},
  url = {http://prl.aps.org/abstract/PRL/v83/i22/p4502_1},
}

@Article{Mermaz_1971,
  title = {Study of the ($d,p$) Reaction on {$^{28}$Si}, {$^{32}$S}, and {$^{36}$Ar} at {$E_d=18.00$}\,{MeV}},
  author = {Mermaz, M. C. and Whitten, C. A. and Champlin, J. W. and Howard, A. J. and Bromley, D. A.},
  journal = PRC,
  volume = {4},
  number = {5},
  pages = {1778--1800},
  numpages = {22},
  year = {1971},
  month = {November},
  doi = {10.1103/PhysRevC.4.1778},
  publisher = {American Physical Society},
  url = {http://link.aps.org/doi/10.1103/PhysRevC.4.1778}
}

@Book{Michalowicz_1967,
author={A. Michalowicz},
-editor={R. A. Giles},
title={Kinematics of Nuclear Reactions},
publisher={Iliffe Books, Ltd.},
year={1967},
note={Translated by Scripta Technica, Ltd.},
}

@Book{Montgomery_1969,
author={D. Bruce Montgomery},
title={Solenoid Magnet Design},
publisher={John Wiley \& Sons, Inc.},
year={1969},
edition={First},
isbn={471 61420 3}
}

@article{Morhac_2000,
title = "Identification of peaks in multidimensional coincidence $\gamma$-ray spectra",
journal = NIMA,
volume = "443",
number = "1",
pages = "108 - 125",
year = "2000",
issn = "0168-9002",
doi = "DOI: 10.1016/S0168-9002(99)01005-0",
url = "http://www.sciencedirect.com/science/article/B6TJM-3YTT063-9/2/9f7481e1bd06c4d2130749363aaec7ed",
author = "Miroslav Morh\'{a}c and J\'{a}n Kliman and Vladislav Matousek and Martin Veselsk\'{y} and Ivan Turzo",
keywords = "Peak-searching algorithm",
keywords = "Multidimensional peak identification",
keywords = "Smoothed second differences",
keywords = "Multidimensional gamma-ray spectra processing"
}

@Article{Otsuka_2001,
  title = {Magic Numbers in Exotic Nuclei and Spin-Isospin Properties of the ${NN}$ Interaction},
  author = {Otsuka, Takaharu  and Fujimoto, Rintaro  and Utsuno, Yutaka  and Brown, B. Alex and Honma, Michio  and Mizusaki, Takahiro },
  journal = PRL,
  volume = {87},
  number = {8},
  pages = {082502},
  numpages = {4},
  year = {2001},
  month = {August},
  doi = {10.1103/PhysRevLett.87.082502},
  publisher = {American Physical Society},
  url = {http://prl.aps.org/abstract/PRL/v87/i8/e082502},
}

@Article{Otsuka_2005,
  title = {Evolution of Nuclear Shells due to the Tensor Force},
  author = {Otsuka, Takaharu  and Suzuki, Toshio  and Fujimoto, Rintaro  and Grawe, Hubert  and Akaishi, Yoshinori },
  journal = PRL,
  volume = {95},
  number = {23},
  pages = {232502},
  numpages = {4},
  year = {2005},
  month = {November},
  doi = {10.1103/PhysRevLett.95.232502},
  publisher = {American Physical Society},
  url = {http://prl.aps.org/abstract/PRL/v95/i23/e232502},
}

@Article{Otsuka_2006,
  title = {Mean Field with Tensor Force and Shell Structure of Exotic Nuclei},
  author = {Otsuka, Takaharu  and Matsuo, Toshiaki  and Abe, Daisuke },
  journal = PRL,
  volume = {97},
  number = {16},
  pages = {162501},
  numpages = {4},
  year = {2006},
  month = {October},
  doi = {10.1103/PhysRevLett.97.162501},
  publisher = {American Physical Society},
  url = {http://prl.aps.org/abstract/PRL/v97/i16/e162501},
}

@Article{Otsuka_2010,
  title = {Novel Features of Nuclear Forces and Shell Evolution in Exotic Nuclei},
  author = {Otsuka, Takaharu  and Suzuki, Toshio  and Honma, Michio  and Utsuno, Yutaka  and Tsunoda, Naofumi  and Tsukiyama, Koshiroh  and Hjorth-Jensen, Morten },
  journal = PRL,
  volume = {104},
  number = {1},
  pages = {012501},
  numpages = {4},
  year = {2010},
  month = {January},
  doi = {10.1103/PhysRevLett.104.012501},
  publisher = {American Physical Society},
  url = {http://prl.aps.org/abstract/PRL/v104/i1/e012501},
}

@inproceedings{Pain_2007,
title = "Development of a high solid-angle silicon detector array for measurement of transfer reactions in inverse kinematics",
journal = NIMB,
volume = "261",
number = "1--2",
pages = "1122--1125",
year_talk = {2006},
month_talk = {August},
month = {August},
year = "2007",
booktitle = {Proceedings of the 19$^\textrm{th}$ International Conference on The Application of Accelerators in Research and Industry (CAARI 2006)},
issn = "0168-583X",
doi = "10.1016/j.nimb.2007.04.289",
url = "http://dx.doi.org/10.1016/j.nimb.2007.04.289",
author = "S. D. Pain and J. A. Cizewski and R. Hatarik and K. L. Jones and J. S. Thomas and D. W. Bardayan and J. C. Blackmon and C. D. Nesaraja and M. S. Smith and R. L. Kozub and M. S. Johnson",
keywords = "Radioactive ion beams",
keywords = "Neutron-rich nuclei",
keywords = "Neutron transfer reactions",
keywords = "Silicon detectors"
}

@Inproceedings{Pain_2008,
	author = {S. D. Pain and K. L. Jones and D. W. Bardayan and J. C. Blackmon and K. Y. Chae and K. A.
Chipps and J. A. Cizewski and R. Hatarik and R. Kapler and R. L. Kozub and F. Liang and B. H.
Moazen and C. D. Nesaraja and D. Shapira and Shriner, Jr., J. F. and M. S. Smith},
	title  ={Neutron Transfer Measurements on Neutron-rich ${N}=82$ Nuclei},
	year = {2008},
	month = {July},
	pages = {142},
	booktitle = {Proceedings of Nuclei in the Cosmos X},
	address = {Mackinac Island, MI},
	url = {http://pos.sissa.it/archive/conferences/053/142/NIC X_142.pdf},
}

@article{Pearson_1995,
author = {C. J. Pearson and B. J. Varley and W. R. Phillips and J. L. Durell},
collaboration = {},
title = {A spectrometer for prompt mass identification of fragments from low-energy fission},
publisher = {AIP},
year = {1995},
journal = {Rev.\ of Sci.\ Instrum.},
volume = {66},
number = {5},
pages = {3367--3373},
keywords = {TIMEOFFLIGHT MASS SPECTROMETERS; FISSION FRAGMENT SPECTROMETERS; CALIFORNIUM 252; SPONTANEOUS FISSION; IONIZATION CHAMBERS},
url = {http://link.aip.org/link/?RSI/66/3367/1},
doi = {10.1063/1.1145509}
}

@Article{Perey_1963,
  title = {Deuteron Optical-Model Analysis in the Range of 11 to 27\,{MeV}},
  author = {Perey, C. M. and Perey, F. G.},
  journal = {Phys. Rev.},
  volume = {132},
  number = {2},
  pages = {755--773},
  numpages = {18},
  year = {1963},
  month = {Oct},
  doi = {10.1103/PhysRev.132.755},
  publisher = {American Physical Society},
  url = {http://link.aps.org/doi/10.1103/PhysRev.132.755}
}


@article{Piskor_1990,
title = "\sloppy Spectroscopic information on $^{13,14}${C}, $^{15}${N}, $^{17}${O}, $^{29\text{--}31}${Si}, $^{33}${S}, $^{28}${Cl} and $^{111,113,115,117}${Cd} from the ($d$,$p$) reaction",
journal = NPA,
volume = "510",
number = "2",
pages = "301--321",
year = "1990",
issn = "0375-9474",
doi = "DOI: 10.1016/0375-9474(90)90241-D",
url = "http://www.sciencedirect.com/science/article/B6TVB-473NKSF-XH/2/b9e6c4e66b8b1971972ab7243758a86c",
author = {\v{S}. Pisko\v{r} and W. Sch\"{a}ferlingov\'a},
keywords = "Nuclear Reactions"
}

@article{Pollacco_2005,
	journal=EPJA,
	title = {{MUST2}: A new generation array for direct reaction studies},
	volume={25},
	issue={0},
	pages={287--288},
	year={2005},
	month={September},    
	author={E. Pollacco and D. Beaumel and P. Roussel-Chomaz and E. Atkin and P. Baron and J. P. Baronick and E. Becheva and Y. Blumenfeld and A. Boujrad and A. Drouart and F. Druillole and P. Edelbruck and M. Gelin and A. Gillibert and Ch. Houarner and V. Lapoux and L. Lavergne and G. Leberthe and L. Leterrier and V. Le Ven and F. Lugiez and L. Nalpas and L. Olivier and B. Paul and B. Raine and A. Richard and M. Rouger and F. Saillant and F. Skaza and M. Tripon and M. Vilmay and E. Wanlin and M. Wittwer},
	doi={10.1140/epjad/i2005-06-162-5},
	url={http://www.springerlink.com/content/U213766555055235},
}

@Book{Satchler_1990,
	author = {G. R. Satchler},
	title = {Introduction to Nuclear Reactions},
	year = {1990},
	publisher = {MacMillan Education, Ltd.},
	edition = {Second},
	isbn = {987-0-333-51484-9}
}

@inproceedings{Savard_2007,
title = "Radioactive beams from gas catchers: The {CARIBU} facility",
journal = NIMB,
volume = "266",
number = "19-20",
pages = "4086--4091",
year_talk = {2007},
month_talk = {June},
address = {Deauville, France},
year = "2008",
booktitle = "Proceedings of the XV$^\textrm{th}$ International Conference on Electromagnetic Isotope Separators and Techniques Related to their Applications (EMIS-15)",
issn = "0168-583X",
doi = "DOI: 10.1016/j.nimb.2008.05.091",
url = "http://www.sciencedirect.com/science/article/B6TJN-4SPC0JR-5/2/02a6304100a154cf970abadc402054f4",
author = "G. Savard and S. Baker and C. Davids and A.F. Levand and E.F. Moore and R.C. Pardo and R. Vondrasek and B.J. Zabransky and G. Zinkann",
keywords = "Radioactive beam",
keywords = "Gas catcher"
}

@Article{Schiffer_1967,
  title = {Study of the ($d$,$p$) Reaction in the $1p$ Shell},
  author = {Schiffer, J. P. and Morrison, G. C. and Siemssen, R. H. and Zeidman, B. },
  journal = {Phys. Rev.},
  volume = {164},
  number = {4},
  pages = {1274--1284},
  numpages = {10},
  year = {1967},
  month = {Dec},
  doi = {10.1103/PhysRev.164.1274},
  publisher = {American Physical Society},
  url = {http://link.aps.org/doi/10.1103/PhysRev.164.1274}
}

@InProceedings{Schiffer_1998,
	author = {J. P. Schiffer},
	editor = {I. Y. Lee},
	booktitle   ={Proceedings of the Workshop on Experimental Equipment for an Advanced ISOL Facility},
	organization = {Lawrence Berkeley National Laboratory},
	number = {LBNL-42138},
	month = {July},
	year = {1998},
	pages = "667--678",
	-url = {http://www.orau.org/ria/detector-03/pdf/LBL-Det-workshop-final.pdf}
	}

@InProceedings{Schiffer_1999,
	author = {J. P. Schiffer},
	editor = {C. Baktash and I. Y. Lee and K. E. Rehm},
	booktitle   ={Proceedings of the Workshop on Experimental Equipment for an Advanced ISOL Facility},
	organization = {Lawrence Berkeley National Laboratory},
	number = {LBNL-43460},	
	month = {March},
	year = {1999},
	pages = "22",
	-note = {OSTI ID: 760328},	
	url = {http://www.osti.gov/bridge/product.biblio.jsp?osti_id=760328},
}

@Inproceedings{Schiffer_2003,
	author = {J. P. Schiffer and A. H. Wuosmaa},
	editor = {C. Baktash and I. Y. Lee and K. E. Rehm and M. Thoennessen},
	title  ={Concepts for Transfer Reaction Studies},
	booktitle={Workshop on Experimental Equipment for RIA},
	organization = {Oak Ridge National Laboratory},
	month = {March},
	year = {2003},
	-url= {www.orau.org/ria/detector-03/agendamagnets.htm},
	note = {unpublished},
}

@Article{Schiffer_2004,
  title = {Is the Nuclear Spin-Orbit Interaction Changing with Neutron Excess?},
  author = {Schiffer, J. P. and Freeman, S. J. and Caggiano, J. A. and Deibel, C.  and Heinz, A.  and Jiang, C.-L.  and Lewis, R.  and Parikh, A.  and Parker, P. D. and Rehm, K. E. and Sinha, S.  and Thomas, J. S.},
  journal = PRL,
  volume = {92},
  number = {16},
  pages = {162501},
  numpages = {4},
  year = {2004},
  month = {Apr},
  doi = {10.1103/PhysRevLett.92.162501},
  publisher = {American Physical Society},
  url = {http://prl.aps.org/abstract/PRL/v92/i16/e162501}
}

@Misc{Schiffer_2009PC,
	author = {J. P. Schiffer},
	title  ={STATUS REPORT ON THE ANALYSIS OF $^{12}${B}($d$,$p$)$^{13}${B} DOUBLET},
	year = {2009},
	month = {June},
	howpublished = {private communication}
}

@Article{Schiffer_2010,
author = {Back, B. B. and Baker, S. I. and Brown, B. A. and Deibel, C. M. and Freeman, S. J. and DiGiovine, B. J. and Hoffman, C. R. and Kay, B. P. and Lee, H. Y. and Lighthall, J. C. and Marley, S. T. and Pardo, R. C. and Rehm, K. E. and Schiffer, J. P. and Shetty, D. V. and Vann, A. W. and Winkelbauer, J.  and Wuosmaa, A. H.},
	title ={First Experiment with {HELIOS}: The Structure of {$^{13}$B}},
	journal = PRL,
	volume = {104},
  number = {13},
  pages = {132501},
  numpages = {4},
  year = {2010},
  month = {March},
  doi = {10.1103/PhysRevLett.104.132501},
  publisher = {American Physical Society},
  url = {http://dx.doi.org/10.1103/PhysRevLett.104.132501},
}

@Article{Sharma_2002,
  title = {Nuclear shell effects near the $r$-process path in the relativistic {H}artree-{B}ogoliubov theory},
  author = {Sharma, Madan M. and Farhan, Ameena R.},
  journal = PRC,
  volume = {65},
  number = {4},
  pages = {044301},
  numpages = {8},
  year = {2002},
  month = {March},
  doi = {10.1103/PhysRevC.65.044301},
  publisher = {American Physical Society},
  url = {http://prc.aps.org/abstract/PRC/v65/i4/e044301},
}

@Inproceedings{Sharp_2011IOP,
	author = {D. K. Sharp and S. J. Freedman and B. B. Back and T. Bloxham and J. A. Clark and C. M. Deibel and C. R. Hoffman and A. M. Howard and J. C. Lighthall and S. T. Marley and A. J. Mitchell and P. D. Parker and A. M. Rogers and J. P. Schiffer and J. S. Thomas and A. H. Wuosmaa},
	title  ={Single-neutron adding reactions outside the {$N=50$} isotones},
	year = {2011},
	pages = {},
	booktitle = {Nuclear and Particle Physics Divisional Conference},
	month = {April},
	address = {Glasgow, Scotland}
}

@Article{Sonzogni_2000,
  title = {The $ ^{44}${Ti}($\alpha$,$p$) Reaction and its Implication on the $ ^{44}${Ti} Yield in Supernovae},
  author = {Sonzogni, A. A. and Rehm, K. E. and Ahmad, I.  and Borasi, F.  and Bowers, D. L. and Brumwell, F.  and Caggiano, J.  and Davids, C. N. and Greene, J. P. and Harss, B.  and Heinz, A.  and Henderson, D.  and Janssens, R. V. F. and Jiang, C.-L. and McMichael, G.  and Nolen, J.  and Pardo, R. C. and Paul, M.  and Schiffer, J. P. and Segel, R. E. and Seweryniak, D.  and Siemssen, R. H. and Truran, J. W. and Uusitalo, J.  and Wiedenh\"over, I.  and Zabransky, B. },
  journal = {Phys. Rev. Lett.},
  volume = {84},
  number = {8},
  pages = {1651--1654},
  numpages = {3},
  year = {2000},
  month = {Feb},
  doi = {10.1103/PhysRevLett.84.1651},
  publisher = {American Physical Society},
  url = {http://link.aps.org/doi/10.1103/PhysRevLett.84.1651}
}

@Article{Surman_2009,
  title = {Neutron capture rates near ${A}=130$ that effect a global change to the $r$-process abundance distribution},
  author = {Surman, R.  and Beun, J.  and McLaughlin, G. C. and Hix, W. R.},
  journal = {Phys. Rev. C},
  volume = {79},
  number = {4},
  pages = {045809},
  numpages = {5},
  year = {2009},
  month = {Apr},
  doi = {10.1103/PhysRevC.79.045809},
  publisher = {American Physical Society}
}

@Inproceedings{Tur_2006,
	author = {C. Tur and S. M. Austin and A. H. Wuosmaa and J. C. Lighthall and S. T. Marley and N. J. Goodman and J. J. Bos},
	title  ={Improving the Rate of the Triple Alpha Process},
	year = {2006},
	month = {June},
	talk_day = {29},
	talk_time = {15:10},
	pages = {25--30},
	booktitle = {Proceedings of Nuclei in the Cosmos IX},
	address = {Geneva, Switzerland},
	url = {http://pos.sissa.it//archive/conferences/028/050/NIC-IX_050.pdf},
}

@article{Tur_2008,
	title = "A high efficiency, low background detector for measuring pair-decay branches in nuclear decay",
	author = "C. Tur and A. H. Wuosmaa and S. M. Austin and K. Starosta and J. Yurkon and A. Estrade and N. J. Goodman and J. C. Lighthall and G. Lorusso and S. T. Marley and J. Snyder",
	journal = NIMA,
	volume = "594",
	number = "1",
	pages = "66--73",
	year = "2008",
	month = {August},
	issn = "0168-9002",
	doi = "10.1016/j.nima.2008.06.015",
	url = {http://dx.doi.org/10.1016/j.nima.2008.06.015},
	keywords = "Pair detector",
	keywords = "Nuclear pair decays",
}

@Article{Urban_1999,
	author = {W. Urban and W. Kurcewicz and A. Nowak and T. Rz\c{a}ca-Urban and J. L. Durell and M. J. Leddy and M. A. Jones and W. R. Phillips and A. G. Smith and B.J. Varley and M. Bentaleb and E. Lubkiewicz and N. Schulz and J. Blomqvist and P. J. Daly and P. Bhattacharyya and C. T. Zhang and I. Ahmad and L. R. Morss},
	title = {Neutron single-particle energies in the {$^{132}$Sn} region},
	year  ={1999},
	month = {July},
	journal = EPJA,
	volume = {5},
	number = {3},
	pages = {239--241},
	url = {http://www.springerlink.com/content/h9b3318a3515t7x0}
}

@Misc{Vann_2008,
	author = {A. W. Vann},
	title  ={Field Mapping Analysis},
	year = {2008},
	howpublished = {unpublished},
	series = {Science Undergraduate Laboratory Internships (SULI) Report}
}

@Article{Weiffenback_1971,
  title = {Structure of Odd-{$A$} Indium Isotopes Determined by the ($d$,$^{3}${He}) Reaction},
  author = {Weiffenbach, C. V. and Tickle, Robert },
  journal = PRC,
  volume = {3},
  number = {4},
  pages = {1668--1678},
  numpages = {10},
  year = {1971},
  month = {Apr},
  doi = {10.1103/PhysRevC.3.1668},
  url = "http://dx.doi.org/10.1103/PhysRevC.3.1668",
  publisher = {American Physical Society}
}

@article{Winfield_1997,
title = "Neutron transfer reactions with radioactive beams",
journal = NIMA,
volume = "396",
number = "1-2",
pages = "147--164",
year = "1997",
issn = "0168-9002",
doi = "10.1016/S0168-9002(97)00752-3",
url = "http://dx.doi.org/10.1016/S0168-9002(97)00752-3",
author = "J. S. Winfield and W. N. Catford and N. A. Orr",
keywords = "Radioactive beams",
keywords = "Transfer reactions",
keywords = "Energy resolution",
}

@Book{Wong_1998,
	author = {S. S. M. Wong},
	title = {Introductory Nuclear Physics},
	year = {1998},
	publisher = {John Wiley \& Sons, Inc.}
}

@inproceedings{Wuosmaa_2003,
author = "A. H. Wuosmaa and Al~Tahtamouni, T. and J. P. Schiffer",
title = "A solenoidal transport device for transfer reactions in inverse kinematics",
journal = NPA,
volume = "746",
number = "",
pages = "267--271",
year = "2004",
month = {December},
year_talk = {2003},
month_talk = {September},
doi = "10.1016/j.nuclphysa.2004.09.039",
url = "http://dx.doi.org/10.1016/j.nuclphysa.2004.09.039",
booktitle = "Radioactive Nuclear Beams (RNB6)",
issn = "0375-9474",
address = {Argonne, IL}
}

@Article{Wuosmaa_2005,
  title = {Neutron Spectroscopic Factors in $^{9}${Li} from $^{2}${H}($^{8}${Li},$p$)$^{9}${Li}},
  author = {Wuosmaa, A. H. and Rehm, K. E. and Greene, J. P. and Henderson, D. J. and Janssens, R. V. F. and Jiang, C.-L. and Jisonna, L.  and Moore, E. F. and Pardo, R. C. and Paul, M.  and Peterson, D.  and Pieper, Steven C. and Savard, G.  and Schiffer, J. P. and Segel, R. E. and Sinha, S.  and Tang, X.  and Wiringa, R. B.},
  journal = PRL,
  volume = {94},
  number = {8},
  pages = {082502},
  numpages = {4},
  year = {2005},
  month = {Mar},
  doi = {10.1103/PhysRevLett.94.082502},
  publisher = {American Physical Society},
  url = {http://prl.aps.org/abstract/PRL/v94/i8/e082502}
}

@Article{Wuosmaa_2005PRC,
  title = {Search for excited states in $^{7}He$ with the ($d,p$) reaction},
  author = {Wuosmaa, A. H. and Rehm, K. E. and Greene, J. P. and Henderson, D. J. and Janssens, R. V. F. and Jiang, C.-L. and Jisonna, L.  and Moore, E. F. and Pardo, R. C. and Paul, M.  and Peterson, D.  and Pieper, Steven C. and Savard, G.  and Schiffer, J. P. and Segel, R. E. and Sinha, S.  and Tang, X.  and Wiringa, R. B.},
  journal = PRC,
  volume = {72},
  number = {6},
  pages = {061301},
  numpages = {5},
  year = {2005},
  month = {December},
  doi = {10.1103/PhysRevC.72.061301},
  publisher = {American Physical Society},
  url = {http://prc.aps.org/abstract/PRC/v72/i6/e061301}
}

@inproceedings{Wuosmaa_2006EPJ,
	author = {A. H. Wuosmaa and K. E. Rehm and J. P. Greene and D. J. Henderson and R. V.F. Janssens and C.-L. Jiang and L. Jisonna and J. C. Lighthall and S. T. Marley and E. F. Moore and R. C. Pardo and N. Patel and M. Paul and D. Peterson and S. C. Pieper and G. Savard and J. P. Schiffer and R. E. Segal and R. H. Siemssen and S. Sinha and X. Tang and R. B. Wiringa},
	title = {Nucleon transfer reactions with exotic beams at {ATLAS}},
	year_talk  ={2006},
	month_talk = {July},
	talk_day = {5},
	talk_time = {11:30},
	year = {2007},
	journal = {Eur.\ Phys.\ J.\ Special Topics},
	volume = {150},
	pages = {79--82},
	url = {http://www.springerlink.com/content/m73r0146l67j228k/},
	doi = {10.1140/epjst/e2007-00271-y},
	booktitle = {Radioactive Nuclear Beams {(RNB7)}},
	address = {Cortina d'Ampezzo, Italy},
	issn = {1951-6355}
}

@article{Wuosmaa_2007,
	author = "A. H. Wuosmaa and J. P. Schiffer and B. B. Back and C. J. Lister and K. E. Rehm",
	title = "A solenoidal spectrometer for reactions in inverse kinematics",
	journal = NIMA,
	volume = "580",
	number = "3",
	pages = "1290--1300",
	year = "2007",
	month = {October},
	doi = "10.1016/j.nima.2007.07.029",
	url = "http://dx.doi.org/10.1016/j.nima.2007.07.029",
	issn = "0168-9002",
	keywords = "Charged-particle spectrometers",
	keywords = "Reactions induced by unstable nuclei"
}

@Inproceedings{Wuosmaa_2007DNP,
	author = {A. H. Wuosmaa and  J. C. Lighthall and S. T. Marley and J. P. Schiffer and C.-L. Jiang and H. Y. Lee and M. Notani and R. C. Pardo and K. E. Rehm and I. Tanihata and X. D. Tang and N. Patel},
	title  ={Identifying spins and configurations of states in $^{13}${B}},
	year = {2007},
	pages = {},
	booktitle = {Annual Meeting of the Division of Nuclear Physics},
	month = {October},
	day_talk = {12},
	time_talk = {9:12},
	address = {Newport News, VA},
	url = {http://meetings.aps.org/Meeting/DNP07/Event/69421}
}

@Inproceedings{Wuosmaa_2007AIP,
	author = {A. H. Wuosmaa and K. E. Rehm and J. P. Greene and D. J. Henderson and R. V. F. Janssens and C.-L. Jiang and L. Jisonna and J. C. Lighthall and S. T. Marley and E. F. Moore and R. C. Pardo and N. Patel and M. Paul and D. Peterson and S. C. Pieper and G. Savard and J. P. Schiffer and R. E. Segel and R. H. Siemssen and X. Tang and R. B. Wiringa},
	editor = {P. Demetriou and R. Julin and S. V. Harissopulos},
	title = {The Structure of $^{7}${He}},
	booktitle = {Frontiers in Nuclear Structure, Astrophysics, and Reactions: FINUSTAR 2},
	address = {Crete, Greece},
-publisher = {AIP},
	year_talk = {2007},
	month_talk = {September},
	year ={2008},
	month = {May},
	journal = {AIP Conf.\ Proc.},
	volume = {1012},
	number = {CP1012},
	pages = {225--232},
	keywords = {nuclear reactions and scattering; gamma-ray spectroscopy; ab initio calculations},
	url = {http://link.aip.org/link/?APC/1012/225/1},
	doi = {10.1063/1.2939300}
}

@Article{Wuosmaa_2008,
  title = {Structure of {$^7$He} by proton removal from {$^8$Li} with the {($d$,$^3$He)} reaction},
  author = {Wuosmaa, A. H. and Schiffer, J. P. and Rehm, K. E. and Greene, J. P. and Henderson, D. J. and Janssens, R. V. F. and Jiang, C.-L. and Jisonna, L.  and Lighthall, J. C. and Marley, S. T. and Moore, E. F. and Pardo, R. C. and Patel, N.  and Paul, M.  and Peterson, D.  and Pieper, Steven C. and Savard, G.  and Segel, R. E. and Siemssen, R. H. and Tang, X. D. and Wiringa, R. B.},
  journal = PRC,
  volume = {78},
  number = {4},
  pages = {041302},
  numpages = {5},
  year = {2008},
  month = {October},
  doi = {10.1103/PhysRevC.78.041302},
  publisher = {American Physical Society},
  url = {http://dx.doi.org/10.1103/PhysRevC.78.041302}
}

@Inproceedings{Wuosmaa_2008DNP,
	author = {A. H. Wuosmaa and J. C. Lighthall and S. T. Marley and J. R. Winkelbauer and B. B. Back and S. I. Baker and B. P. Kay and H. Y. Lee and C. J. Lister and P. Mueller and K. E. Rehm and J. P. Schiffer and S. J. Freeman},
	title  ={Status of the {HELIOS} Spectrometer at {ATLAS}},
	year = {2008},
	pages = {},
 -booktitle = {Annual Meeting of the Division of Nuclear Physics},
  booktitle = {Bulletin of the American Physical Society},
  volume = {53},
  -number = {12}, 
	month = {Ocotber},
	address = {Oakland, CA},
	url = {http://meetings.aps.org/Meeting/DNP08/Event/87788}
}

@Article{Wuosmaa_2010,
  title = {{$^{15}$C($d$,$p$)$^{16}$C} Reaction and Exotic Behavior in {$^{16}$C}},
  author = {Wuosmaa, A. H. and Back, B. B. and Baker, S. I.  and Brown, B. A. and Deibel, C. M. and Fallon, P.  and Hoffman, C. R. and Kay, B. P. and Lee, H. Y. and Lighthall, J. C. and Macchiavelli, A. O. and Marley, S. T. and Pardo, R. C. and Rehm, K. E. and Schiffer, J. P. and Shetty, D. V. and Wiedeking, M.},
  journal = PRL,
  volume = {105},
  number = {13},
  pages = {132501},
  numpages = {4},
  year = {2010},
  month = {Sep},
  doi = {10.1103/PhysRevLett.105.132501},
  publisher = {American Physical Society},
  url = {http://dx.doi.org/10.1103/PhysRevLett.105.132501},
}

@Inproceedings{Wuosmaa_2010DNP,
	author = {A. H. Wuosmaa and J. C. Lighthall and  S. T. Marley and D. V. Shetty and J. P. Schiffer and B. B. Back and S. I. Baker and C. M. Deibel and C. R. Hoffman and B. P. Kay and R. C. Pardo and K. E. Rehm and B. A. Brown and P. Fallon and A. O. Macchiavelli and H. Y. Lee and M. Wiedeking},
	title  ={Study of the $^{15}${C}$($d$,$p$)^{16}${C} reaction},
	year = {2010},
	pages = {},
	booktitle = {Annual Meeting of the Division of Nuclear Physics},
	month = {November},
	address = {Santa Fe, NM},
	url = {http://meetings.aps.org/Meeting/DNP10/Event/129788}
}

@Misc{Wuosmaa_2011PC,
	author = {A. H. Wuosmaa},
	year = {2011},
	month = {April},
	howpublished = {private communication}
}

@Inproceedings{Wuosmaa_2011APS,
	author = {A. H. Wuosmaa},
	title  ={Transfer reactions with {HELIOS}},
	year = {2011},
	pages = {},
	-booktitle = {APS April Meeting},
	booktitle = {Bulletin of the American Physical Society},
	volume = {56},
	month = {April},
	address = {Anaheim, CA},
	url = {http://meetings.aps.org/Meeting/APR11/Event/145680}
}

@Inproceedings{Ziegler_2010,
title = "{SRIM} - The stopping and range of ions in matter (2010)",
journal = NIMB,
volume = "268",
number = "11-12",
pages = "1818--1823",
year = "2010",
booktitle = "19th International Conference on Ion Beam Analysis",
issn = "0168-583X",
doi = "DOI: 10.1016/j.nimb.2010.02.091",
url = "http://www.sciencedirect.com/science/article/B6TJN-4YGHGK4-14/2/16e426f888101bb7d5bdaa9b1f038444",
author = "James F. Ziegler and M.D. Ziegler and J.P. Biersack",
keywords = "SRIM",
keywords = "Ion stopping",
keywords = "Stopping power",
keywords = "Stopping force",
keywords = "Ion range"
}